<?xml version="1.0" encoding="UTF-8"?><collection xmlns="http://www.loc.gov/MARC21/slim"><record><leader>00360nam--2200145-i-4500</leader><controlfield tag="001">000025374</controlfield><controlfield tag="002">20161230</controlfield><controlfield tag="005">20170107000525</controlfield><controlfield tag="008">060222s1000------------r-----000-0-eng-d</controlfield><datafield ind1=" " ind2=" " tag="100"><subfield code="a">Imecs, M©Łria</subfield></datafield><datafield ind1=" " ind2=" " tag="245"><subfield code="a">Mutatoare</subfield></datafield><datafield ind1=" " ind2=" " tag="260"><subfield code="a">Bucuresti</subfield><subfield code="b">Ed. Didactica Si Pedagogica</subfield><subfield code="c">1978</subfield></datafield><datafield ind1=" " ind2=" " tag="700"><subfield code="a">Kelemen, ©rp©Łd</subfield></datafield><datafield ind1=" " ind2=" " tag="852"><subfield code="a">681.58</subfield></datafield><datafield ind1=" " ind2=" " tag="CAT"><subfield code="a">SYS</subfield><subfield code="c">20170107</subfield><subfield code="h">000525</subfield></datafield></record></collection>